@INPROCEEDINGS{9352899,
  author={J. {Khamis} and O. {Rottenstreich}},
  booktitle={2021 International Conference on COMmunication Systems   NETworkS (COMSNETS)}, 
  title={Demand-aware Channel Topologies for Off-chain Payments}, 
  year={2021},
  volume={},
  number={},
  pages={272-280},
  doi={10.1109/COMSNETS51098.2021.9352899}}
  
  
 @ARTICLE{7163640,
  author={J. {Yallouz} and O. {Rottenstreich} and A. {Orda}},
  journal={IEEE/ACM Transactions on Networking}, 
  title={Tunable Survivable Spanning Trees}, 
  year={2016},
  volume={24},
  number={3},
  pages={1853-1866},
  doi={10.1109/TNET.2015.2438254}}
